%! Author = user
%! Date = 17.05.2023

